@book{Zolzer2002,
    citeulike-article-id = {3390780},
    editor = {Z\"{o}lzer, Udo},
    publisher = {John Wiley \& Sons},
    title = {{DAFX} - {D}igital {A}udio {E}ffects},
    year = {2002}
}
